@article{nishiura,
   author="Nishiura, H.  and Chowell, G.  and Heesterbeek, H.  and Wallinga, J. ",
   title="{{T}he ideal reporting interval for an epidemic to objectively interpret the epidemiological time course}",
   journal="J R Soc Interface",
   year="2010",
   volume="7",
   number="43",
   pages="297--307",
   month="Feb"
}
@article{Mantel,
  title={Confidence limits on the ratio of two Poisson variables},
  author={Ederer, Fred and Mantel, Nathan},
  journal={American Journal of Epidemiology},
  volume={100},
  number={3},
  pages={165--167},
  year={1974},
  publisher={Oxford Univ Press}
}
@article{wilson,
  title={Probable inference, the law of succession, and statistical inference},
  author={Wilson, Edwin B},
  journal={Journal of the American Statistical Association},
  volume={22},
  number={158},
  pages={209--212},
  year={1927},
  publisher={Taylor \& Francis Group}
}
@article{clopper,
  title={The use of confidence or fiducial limits illustrated in the case of the binomial},
  author={Clopper, CJ and Pearson, Egon S},
  journal={Biometrika},
  pages={404--413},
  year={1934},
  publisher={JSTOR}
}
@article{stallybrass,
  title={The Principles of Epidemiology and the Process of Infection.},
  author={Stallybrass, Clare Oswald and others},
  journal={The Principles of Epidemiology and the Process of Infection.},
  year={1931},
  publisher={George Routledge \& Son, Ltd.,}
}